@misc{ wiki:RSA-Kryptosystem,
  author = "Wikipedia",
  title = "RSA-Kryptosystem --- {W}ikipedia{,} The Free Encyclopedia",
  year = "2012",
  howpublished =
  "\url{https://de.wikipedia.org/w/index.php?title=RSA-Kryptosystem&oldid=111617145}",
  note = "[Online; accessed 14-Dezember-2012]"
}

@misc{ wiki:Caesar-Verschluesselung,
  author = "Wikipedia",
  title = "Caesar-Verschluesselung --- {W}ikipedia{,} The Free Encyclopedia",
  year = "2012",
  howpublished =
  "\url{https://de.wikipedia.org/w/index.php?title=Caesar-Verschluesselung&oldid=111027987}",
  note = "[Online; accessed 14-Dezember-2012]"
}


http://www.heise.de/security/meldung/16-jaehriger-demonstriert-Sicherheitsluecken-bei-17-Banken-1104841.html
